<record xmlns="http://www.loc.gov/MARC21/slim" xmlns:xsi="http://www.w3.org/2001/XMLSchema-instance" xsi:schemaLocation="http://www.loc.gov/MARC21/slim http://www.loc.gov/standards/marcxml/schema/MARC21slim.xsd"><leader>00790cz   2200181n  4500</leader><controlfield tag="001">oca03851924 </controlfield><controlfield tag="005">20040204154129.0</controlfield><controlfield tag="008">950426n| acannaabn          |a aaa     c</controlfield><datafield ind1=" " ind2=" " tag="010"><subfield code="a">nr 95015547 </subfield></datafield><datafield ind1=" " ind2=" " tag="040"><subfield code="a">NNC</subfield><subfield code="b">eng</subfield><subfield code="c">NNC</subfield><subfield code="d">OCoLC</subfield><subfield code="d">DLC</subfield></datafield><datafield ind1="1" ind2=" " tag="100"><subfield code="a">Calvus, C. Licinius Macer</subfield></datafield><datafield ind1="1" ind2=" " tag="400"><subfield code="a">Calvus, Gaius Licinius</subfield></datafield><datafield ind1="1" ind2=" " tag="400"><subfield code="a">Macer Calvus, C. Licinius</subfield></datafield><datafield ind1="1" ind2=" " tag="400"><subfield code="a">Calvo, Gaio Licinio</subfield></datafield><datafield ind1=" " ind2=" " tag="670"><subfield code="a">The works of C. Licinius Macer Calvus [CF] 1991:</subfield><subfield code="b">PHI CD ROM, #5.3, Latin canon, bibliographic screen (C. Licinius Macer Calvus)</subfield></datafield><datafield ind1=" " ind2=" " tag="670"><subfield code="a">Oxford class. dict., 2nd ed.:</subfield><subfield code="b">p. 198 (Gaius Licinius Calvus (82-?47 B.C.) orator and poet, son of the annalist  C. Licinius Macer)</subfield></datafield><datafield ind1=" " ind2=" " tag="670"><subfield code="a">NUC pre-56:</subfield><subfield code="b">p. 91, p. 326 (Calvus, C. Licinius Macer)</subfield></datafield><datafield ind1=" " ind2=" " tag="670"><subfield code="a">Cinis, c1988:</subfield><subfield code="b">t.p. verso (Gaio Licinio Calvo)</subfield></datafield></record>